@inproceedings{zadrozny2001obtaining,
  title={Obtaining calibrated probability estimates from decision trees and naive Bayesian classifiers},
  author={Zadrozny, B. and Elkan, C.},
  booktitle={Icml},
  volume={1},
  pages={609--616},
  year={2001},
  organization={Citeseer}
}

@inproceedings{zadrozny2002transforming,
  title={Transforming classifier scores into accurate multiclass 
         probability estimates},
  author={Zadrozny, B. and Elkan, C.},
  booktitle={Proceedings of the Eighth ACM SIGKDD International Conference 
             on Knowledge Discovery and Data Mining},
  pages={694--699},
  year={2002},
  publisher={ACM}
}

@article{Pla99a,
  title={Probabilistic outputs for support vector machines and comparisons 
         to regularized likelihood methods},
  author={Platt, J.C.},
  journal={Advances in Large Margin Classifiers},
  volume={10},
  number={3},
  pages={61--74},
  year={1999},
}

@article{littlewood,
  title={Forecasting and control of passenger bookings},
  author={Littlewood, K.},
  journal={Journal of Revenue and Pricing Management},
  volume={4},
  number={2},
  pages={111--123},
  year={2005}
}

@inproceedings{Lit72a,
  title={Forecasting and control of passenger bookings},
  author={Littlewood, K.},
  booktitle={Proceedings of 12th AGIFORS Symposium},
  pages={95--117},
  month = {October},
  address = {Nathanya, Israel},
  year={1972}
}

@inproceedings{wang1983optimum,
  title={Optimum seat allocation for multi-leg flights with 
         multiple fare types},
  author={Wang, K.W.},
  booktitle={Proceedings of the Twenty-third annual symposium - AGIFORS, 
             Airline Group of the International Federation of Operational 
             Research Societies},
  address = {Olive Branch, Mississippi},
  year={1983}
}

@article{smith1992yield,
  title={Yield management at {American Airlines}},
  author={Smith, B.C. and Leimkuhler, J.F. and Darrow, R.M.},
  journal={Interfaces},
  volume={22},
  number={1},
  pages={8--31},
  year={1992},
}

@article{jacobs2008incorporating,
  title={Incorporating network flow effects into the airline fleet 
         assignment process},
  author={Jacobs, T.L. and Smith, B.C. and Johnson, E.L.},
  journal={Transportation Science},
  volume={42},
  number={4},
  pages={514--529},
  year={2008},
}

@book{phillips2005pricing,
  title={Pricing and revenue optimization},
  author={Phillips, R.L.},
  year={2005},
  publisher={Stanford University Press}
}

@misc{Bruce2019,
        author = {A. Bruce},
	title = {Personal communication},
	year = {2019}
}

@inproceedings{CloJacGel15a,
title = {New formulations for price and ticket availability decisions 
         in choice-based network revenue management},
author = {Clough, {M.C.} and Jacobs, {T.L.} and E. Gel},
booktitle = {{AGIFORS 55th Annual Symposium: Analytics for Efficiency 
              and Customer Centric Optimization}},
publisher = {Airline Group of the International Federation of Operational 
             Research Societies (AGIFORS)},
month = {August},
address = {Washington, D.C.},
year = {2015}
}

@inproceedings{ShiLogThoWei19a,
	title = {Autonomous Airline Revenue Management: {A} Deep Reinforcement 
                 Learning Approach to Seat Inventory Control and Overbooking},
        author = {S.A.M. Shihab and C. Logemann and D.-G. Thomas and Peng Wei},
        booktitle = {Reinforcement Learning for Real Life ({RL4RealLife}) 
                     Workshop in the 36th {International Conference on 
                    Machine Learning}},
	address = {Long Beach, California},
	year = {2019}
}


@article{KunTal19a,
	title = {A strong {Lagrangian} relaxation for general discrete-choice 
                 network revenue management},
	author = {Kunnumkal, S. and Talluri, K.},
	journal = {Computational Optimization and Applications},
	volume = {73},
	pages = {275--310},
	year = {2019}
}

@techreport{WeaKim03a,
	author = {Weatherford, L.R. and Kimes, S.E.},
        title = {A comparison of forecasting methods for hotel revenue 
                 management},
        institution = {Cornell University, School of 
                Hotel Administration site},
        note = {Retrieved from institution site on 2020-04-24},
        url = {http://scholarship.sha.cornell.edu/articles/753},
        year = {2003},
}

@techreport{WanLiuCheRenMenHu18a,
    title={Learning Theory and Algorithms for Revenue Management in 
           Sponsored Search},
    author={Lulu Wang and Huahui Liu and Guanhao Chen and Shaola Ren 
            and Xiaonan Meng and Yi Hu},
    year={2018},
    number={1807.01827},
    institution={arXiv},
}

@article{BitCal03a,
	author = {G. Bitran and R. Caldentey},
        title = {An Overview of Pricing Models for Revenue Management},
        journal = {Manufacturing \& Service Operations Management},
        volume = {5},
        pages = {203--229},
        year = {2003}
}

@article{FelTop17a,
	author = {J.B. Feldman and H. Topaloglu},
	title = {Revenue Management Under the {Markov Chain} Choice Model},
        journal = {Operations Research},
	volume = {65},
        pages = {1322--1342},
	year = {2017}
}

@article{FerSimWan18a,
	author = {K.J. Ferreira and D. {Simchi-Levi} and He Wang},
	year = {2018},
	title = {Online Network Revenue Management Using Thompson Sampling},
	journal = {Operations Research},
	volume = {66},
	pages = {1586--1602}
}

@inproceedings{TalRuzKarVul09a,
	author={K.T. Talluri and G.J. {van Ryzin} and I.Z. Karaesmen 
                and G.J. Vulcano},
        title={Revenue management: {Models} and methods}, 
        booktitle={Proceedings of the 2009 Winter Simulation Conference}, 
        year={2009}, 
        address={Austin, Texas},
        pages={148-161},
}

@article{McGRyz99a,
	author = {J.I. McGill and G.J. {van Ryzin}},
	year = {1999},
	title = {Revenue Management: {Research} Overview and Prospects},
	journal = {Transportation Science},
	volume = {33},
	pages = {233--256}
}

@phdthesis{McG89a,
	author = {J.I. McGill},
	title = {Optimization and estimation problems in 
                 airline yield management},
        school = {University of British Columbia},
	month = {December},
	year = {1989}
}

@misc{patent2022,
 title={Capacity management system for delivery lockers},
 author={S. Sethuraman and S. Mardan and T. L. Jacobs and M. Jain and A. Bansal},
 year={U.S. Patent 11 526 838, Dec. 2022}
 }
